
@inproceedings{surveyOnAuthFactors,
  title     = {A Survey on User Authentication Factors},
  author    = {AlQahtani, Ali Abdullah S. and El-Awadi, 
               Zakaria and Min, Manki},
  booktitle = {2021 IEEE 12th Annual Information Technology,
               Electronics and Mobile Communication
               Conference (IEMCON)},
  year      = {2021},
  pages     = {323-328},
  doi       = {10.1109/IEMCON53756.2021.9623159}
}

@inproceedings{caseForUserAuth,
  title     = {Security and Usability: The Case of the User 
               Authentication Methods},
  author    = {Braz, Christina and Robert, Jean-Marc},
  booktitle = {Proceedings of the 18th Conference on 
               l'Interaction Homme-Machine},
  publisher = {Association for Computing Machinery},
  year      = {2006},
  pages     = {199-203},
  doi       = {10.1145/1132736.1132768}
}

@article{evalOfAuthMethods,
  title   = {Evaluation of user authentication methods in
             the gadget-free world},
  author  = {Kimmo Halunen and Juha Häikiö and Visa
             Vallivaara},
  journal = {Pervasive and Mobile Computing},
  pages   = {220-241},
  year    = {2017},
  doi     = {10.1016/j.pmcj.2017.06.017}
}

@online{whatIsAuth,
  title   = {What is Authentication?},
  author  = {Auth0},
  year    = {2022},
  url     = {https://auth0.com/intro-to-iam/what-is-authentication/},
  urldate = {2022-02-22}
}

@online{twitterUsage,
  title   = {Q4' 2021 Selected Metrics and Financials},
  author  = {Twitter},
  date    = {2022-02-08},
  url     = {https://investor.twitterinc.com/financial-information/quarterly-results/},
  urldate = {2022-02-22}
}

@book{advancesInUserAuth,
  title  = {Advances in User Authentication},
  author = {Dasgupta, Dipankar and Roy, Arunava and Nag,
            Abhijit},
  date   = {2017-09},
  doi    = {10.1007/978-3-319-58808-7}
}

@online{androidLockScreen,
  title   = {Set screen lock on an Android device},
  author  = {Google},
  year    = {2022},
  url     = {https://support.google.com/android/answer/9079129},
  urldate = {2022-02-23}
}

@online{whatIsOtp,
  title   = {What's the Difference Between OTP, TOTP and
             HOTP?},
  author  = {OneLogin},
  year    = {2022},
  url     = {https://www.onelogin.com/learn/otp-totp-hotp},
  urldate = {2022-02-23}
}

@image{img:authToken,
  title        = {{Digipass 270 HSBC}},
  author       = {D4m1en},
  organization = {{Wikimedia Commons}},
  date         = {2014-07-30},
  url          = {https://upload.wikimedia.org/wikipedia/commons/9/9d/Digipass_270_HSBC.JPG},
  urldate      = {2022-03-03}
}

@online{androidBiometrics,
  title   = {Measuring Biometric Unlock Security},
  date    = {2022-01-20},
  author  = {Android},
  url     = {https://source.android.com/security/biometric/measure},
  urldate = {2022-03-01}
}

@online{touchId,
  title   = {Use Touch ID on iPhone and iPad},
  author  = {{Apple Inc.}},
  date    = {2021-12-20},
  url     = {https://support.apple.com/en-gb/HT201371},
  urldate = {2022-03-01}
}

@online{faceId,
  title   = {Use Face ID on your iPhone or iPad Pro},
  author  = {{Apple Inc.}},
  date    = {2021-02-02},
  url     = {https://support.apple.com/en-gb/HT208109},
  urldate = {2022-03-01}
}

@article{ipAuthDesignImpl,
  title   = {Design and Implementation of an IP based
             authentication mechanism for Open Source Proxy
             Servers in Interception Mode},
  author  = {Agarwal, Tejaswi and Leonetti, Mike},
  date    = {2013-02},
  journal = {Advanced Computing: An International Journal},
  doi     = {10.5121/acij.2013.4103}
}

@online{ipAuthOracle,
  title   = {IP address authentication},
  author  = {Oracle},
  date    = {2015-10-09},
  url     = {https://docs.oracle.com/cd/E65459_01/dev.1112/e65461/content/authn_ip_address.html},
  urldate = {2022-03-01}
}

@inproceedings{suveryOfCellPos,
  title     = {A survey of positioning techniques and 
               location based services in wireless 
               networks},
  author    = {Yassin, Mohamad and Rachid, Elias},
  booktitle = {2015 IEEE International Conference on Signal 
               Processing, Informatics, Communication and
               Energy Systems (SPICES)},
  year      = {2015},
  doi       = {10.1109/SPICES.2015.7091420}
}

@article{locationComparison,
  title   = {Accuracy of iPhone Locations: A Comparison of 
             Assisted GPS, WiFi and Cellular Positioning},
  author  = {Zandbergen, Paul A},
  journal = {Transactions in GIS},
  year    = {2009},
  doi     = {10.1111/j.1467-9671.2009.01152.x}
}

@online{howCellTowerTriWorks,
  title   = {Cell Tower Triangulation - How it Works},
  author  = {Phil Locke},
  date    = {2012-06-01},
  url     = {https://wrongfulconvictionsblog.org/2012/06/01/cell-tower-triangulation-how-it-works/},
  urldate = {2022-03-01}
}

@online{whatIsGSM,
  title        = {GSM (Global System for Mobile communication)},
  author       = {Solomon Ndungu and Erica Mixon},
  organization = {TechTarget},
  date         = {2021-03},
  url          = {https://www.techtarget.com/searchmobilecomputing/definition/GSM},
  urldate      = {2022-03-02}
}

@article{trackingSuspectByPhone,
  title        = {Tracking a suspect by mobile phone},
  author       = {},
  organization = {{BBC News}},
  date         = {2005-08-03},
  url          = {http://news.bbc.co.uk/1/hi/technology/4738219.stm},
  urldate      = {2022-03-02}
}

@online{whatIsGeofencing,
  title   = {What is Geofencing? A Guide to Virtual
             Barriers},
  author  = {GISGeography},
  date    = {2021-10-29},
  url     = {https://gisgeography.com/geofence-geofencing/},
  urldate = {2022-03-03}
}

@online{androidGeofencingApi,
  title   = {Create and monitor geofences},
  author  = {{Android Developers}},
  date    = {2022-03-03},
  url     = {https://developer.android.com/training/location/geofencing.html},
  urldate = {2022-03-03}
}

@online{iosGeofencingApi,
  title   = {Monitoring the User's Proximity to Geographic 
             Regions},
  author  = {{Apple Developer}},
  date    = {},
  url     = {https://developer.apple.com/documentation/corelocation/monitoring_the_user_s_proximity_to_geographic_regions},
  urldate = {2022-03-03}
}

@online{img:googleAuth,
  title   = {Google auth wp},
  author  = {Smorteza},
  date    = {2016-12-24},
  url     = {https://upload.wikimedia.org/wikipedia/commons/e/ee/Google_auth_wp.png},
  urldate = {2022-03-04}
}

@article{usingBluetoothBeacons,
  title   = {Location Based and Contextual Services Using
             Bluetooth Beacons: New Way to Enhance Customer
             Experience},
  author  = {Dudhane, Nilima and Pitambare, Sanjeevkumar},
  date    = {2015-01},
  volume  = {3},
  journal = {Lecture Notes on Information Theory},
  doi     = {10.18178/lnit.3.1.31-34}
}

@article{bluetoothBeaconAccuracy,
  title   = {Positioning Accuracy of Commercial Bluetooth
             Low Energy Beacon},
  author  = {Fachri, Mochammad and Khumaidi, Ali},
  date    = {2019-11},
  journal = {IOP Conference Series: Materials Science and
             Engineering},
  doi     = {10.1088/1757-899X/662/5/052018}
}