@online{ca,
  title        = {Clean Architecture Solution Template},
  author       = {jasontaylordev},
  organisation = {Github},
  url          = {https://github.com/jasontaylordev/CleanArchitecture},
  urldate      = {2022-04-05}
}