@online{triTri,
  title   = {How GPS Receivers Work - Trilateration vs
             Triangulation},
  author  = {GISGeography},
  date    = {2021-10-29},
  url     = {https://gisgeography.com/trilateration-triangulation-gps/},
  urldate = {2022-03-03}
}

@inproceedings{contextAware,
  author    = {Schilit, B. and Adams, N. and Want, R.},
  booktitle = {1994 First Workshop on Mobile Computing
               Systems and Applications},
  title     = {Context-Aware Computing Applications},
  year      = {1994},
  doi       = {10.1109/WMCSA.1994.16}
}

@online{identityProviders,
  title   = {Identity Providers (IdPs): What They Are and Why You Need One},
  author  = {{Okta}},
  url     = {https://web.archive.org/web/20210422192950/https://www.okta.com/uk/identity-101/why-your-company-needs-an-identity-provider/},
  urldate = {2022-03-16}
}