@online{monoliths,
  title   = {Monolithic applications},
  author  = {nishanil
             and DCtheGeek
             and sughosneo
             and Youssef1313
             and gewarren
             and john-par
             and mairaw},
  date    = {2021-09-15},
  url     = {https://web.archive.org/web/20211212031606/https://docs.microsoft.com/en-us/dotnet/architecture/containerized-lifecycle/design-develop-containerized-apps/monolithic-applications},
  urldate = {2022-03-12}
}

@online{soaVsMicroservices,
  title   = {SOA vs. Microservices: What's the difference?},
  author  = {{IBM Cloud Team}},
  date    = {2021-05-14},
  url     = {https://web.archive.org/web/20211203074345/https://www.ibm.com/cloud/blog/soa-vs-microservices},
  urldate = {2022-03-12}
}

@online{protocols,
  title   = {An Architect's guide to APIs: SOAP, REST, 
             GraphQL, and gRPC},
  author  = {Bob Reselman},
  date    = {2020-10-02},
  url     = {https://web.archive.org/web/20220118181501/https://www.redhat.com/architect/apis-soap-rest-graphql-grpc},
  urldate = {2022-03-12}
} 

@online{browserCamera,
  title        = {Capturing an Image from the User},
  author       = {Paul Kinlan and Mat Scales},
  date         = {},
  organization = {{Google Developers}},
  url          = {https://web.archive.org/web/20220210111841/https://developers.google.com/web/fundamentals/media/capturing-images},
  urldate      = {2022-03-12}
}