@dataset{zeroHourContractsStats,
  title     = {Number of employees on a zero-hours contract in the United Kingdom from 2000 to 2021 (in 1,000s)},
  author    = {{Office for National Statistics (UK)}},
  publisher = {Statista},
  note      = {Graph},
  date      = {2021-08-17},
  url       = {https://www.statista.com/statistics/414896/employees-with-zero-hours-contracts-number/},
  urldate   = {2022-02-10}
}

@article{zeroHourContractsLoyalty,
  title        = {Memo to bosses: expect zero loyalty from your zero-hours workers},
  author       = {Ellen, Barbara},
  journaltitle = {The Guardian},
  date         = {2017-03-05},
  url          = {https://www.theguardian.com/commentisfree/2017/mar/05/zero-hours-contracts-dpd-couriers-justice},
  urldate      = {2022-02-10}
}

@report{employeeTurnover,
  title       = {Business insights and impact on the UK economy},
  institution = {{Office for National Statistics (UK)}},
  type        = {report},
  date        = {2021-10-07},
  url         = {https://www.ons.gov.uk/businessindustryandtrade/business/businessservices/bulletins/businessinsightsandimpactontheukeconomy/7october2021},
  urldate     = {2022-02-10}
}

@article{antiWorkMovement,
  title        = {The rise of the anti-work movement},
  author       = {O'Connor, Brian},
  journaltitle = {BBC Worklife},
  date         = {2022-01-27},
  url          = {https://www.bbc.com/worklife/article/20220126-the-rise-of-the-anti-work-movement},
  urldate      = {2022-02-10}
}
