@book{hmm,
  author    = {John Doe},
  title     = {The Book without Title},
  publisher = {Dummy Publisher},
  year      = {2100}
}