@book{softwareTesting,
  title     = {Concise Guide to Software Testing},
  author    = {Gerard O'Regan},
  publisher = {Springer, Cham},
  year      = {2019},
  doi       = {10.1007/978-3-030-28494-7}
}